@article{pereiro-morejonInferenceMetabolicFluxes2022,
	number = {12},
	pages = {105450},
	doi = {10.1016/j.isci.2022.105450},
	keywords = {Bioinformatics , Metabolic flux analysis , Systems biology},
	shorttitle = {Inference of Metabolic Fluxes in Nutrient-Limited Continuous Cultures},
	author = {{Pereiro-Morej{\'o}n}, Jos{\'e} Antonio and {Fernandez-de-Cossio-Diaz} , Jorge and Mulet , Roberto},
	langid = {english},
	issn = {2589-0042},
	urldate = {2022-12-01},
	year = {2022},
	volume = {25},
	month = {dec},
	journal = {iScience},
	title = {Inference of Metabolic Fluxes in Nutrient-Limited Continuous Cultures: { { A Maximum Entropy } } Approach with the Minimum Information},
}
